@Article{Smil_1999,
  author    = {Vaclav Smil},
  journal   = {Nature},
  year      = {1999},
  volume    = {400},
  number    = {6743},
  pages     = {415--415},
  month     = {jul},
  doi       = {10.1038/22672},
  title = {Detonator of the population explosion},
  publisher = {Nature Publishing Group},
  url       = {http://dx.doi.org/10.1038/22672},
}

@article{Schloegl_2003,
	doi = {10.1002/anie.200301553},
	url = {https://doi.org/10.1002%2Fanie.200301553},
	year = 2003,
	month = {may},
	publisher = {Wiley},
	volume = {42},
	number = {18},
	pages = {2004--2008},
	author = {Robert Schl√∂gl},
	title = {Catalytic Synthesis of Ammonia - A ``Never-Ending Story''?},
	journal = {Angewandte Chemie International Edition}
}

@article{Schiffer_2017,
	doi = {10.1016/j.joule.2017.07.008},
	url = {https://doi.org/10.1016%2Fj.joule.2017.07.008},
	year = 2017,
	month = {Sep},
	publisher = {Elsevier {BV}},
	volume = {1},
	number = {1},
	pages = {10--14},
	author = {Zachary J. Schiffer and Karthish Manthiram},
	title = {Electrification and Decarbonization of the Chemical Industry},
	journal = {Joule}
}

@article{Mueller_2012,
	doi = {10.1038/nature11420},
	url = {https://doi.org/10.1038%2Fnature11420},
	year = 2012,
	month = {aug},
	publisher = {Springer Nature},
	volume = {490},
	number = {7419},
	pages = {254--257},
	author = {Nathaniel D. Mueller and James S. Gerber and Matt Johnston and Deepak K. Ray and Navin Ramankutty and Jonathan A. Foley},
	title = {Closing yield gaps through nutrient and water management},
	journal = {Nature}
}

@article{Gilbert_2012,
	Author = {Natasha Gilbert},
	Doi = {10.1038/483525a},
	Journal = {Nature},
	Month = {mar},
	Number = {7391},
	Pages = {525--527},
	Publisher = {Springer Nature},
	Title = {{African agriculture: Dirt poor}},
	Url = {http://dx.doi.org/10.1038/483525a},
	Volume = {483},
	Year = {2012},
	Bdsk-Url-1 = {http://dx.doi.org/10.1038/483525a}}
    
@article{MacKay_2013,
	doi = {10.1098/rsta.2011.0431},
	url = {https://doi.org/10.1098%2Frsta.2011.0431},
	year = 2013,
	month = {jul},
	publisher = {The Royal Society},
	volume = {371},
	number = {1996},
	pages = {20110431--20110431},
	author = {D. J. C. MacKay},
	title = {Solar energy in the context of energy use, energy transportation and energy storage},
	journal = {Philosophical Transactions of the Royal Society A: Mathematical, Physical and Engineering Sciences}
}

@article{Medford_2017,
	doi = {10.1021/acscatal.7b00439},
	url = {https://doi.org/10.1021%2Facscatal.7b00439},
	year = 2017,
	month = {Mar},
	publisher = {American Chemical Society ({ACS})},
	pages = {2624--2643},
	author = {Andrew J. Medford and Marta C. Hatzell},
	title = {Photon-Driven Nitrogen Fixation: Current Progress, Thermodynamic Considerations, and Future Outlook},
	journal = {{ACS} Catalysis}
}

@article{Vicente_2017,
	doi = {10.1073/pnas.1701560114},
	url = {https://doi.org/10.1073%2Fpnas.1701560114},
	year = 2017,
	month = {mar},
	publisher = {Proceedings of the National Academy of Sciences},
	volume = {114},
	number = {12},
	pages = {3009--3011},
	author = {Emilio Jimenez Vicente and Dennis R. Dean},
	title = {Keeping the nitrogen-fixation dream alive},
	journal = {Proceedings of the National Academy of Sciences}
}

@Report{FAO_2017,
  Title                    = {The State of Food Security and Nutrition in the World 2017. Building resilience for peace and food security.},
  Author                   = {{FAO}, {IFAD}, {UNICEF}, {WFP} and {WHO},
  Year                     = {2017},
  Location                 = {Rome, Italy},
}

@Report{FAO_2014,
  Title                    = {The State of Food and Agriculture: Innovation in family farming},
  Author                   = {{FAO}},
  Year                     = {2014},
  Location                 = {Rome, Italy},
}

@article{McArthur_2017,
	doi = {10.1016/j.jdeveco.2017.02.007},
	url = {https://doi.org/10.1016%2Fj.jdeveco.2017.02.007},
	year = 2017,
	month = {jul},
	publisher = {Elsevier {BV}},
	volume = {127},
	pages = {133--152},
	author = {John W. McArthur and Gordon C. McCord},
	title = {Fertilizing growth: Agricultural inputs and their effects in economic development},
	journal = {Journal of Development Economics}
}

@article{Schneider_2003,
	doi = {10.1007/bf02686198},
	url = {https://doi.org/10.1007%2Fbf02686198},
	year = 2003,
	month = {sep},
	publisher = {Springer Nature},
	volume = {38},
	number = {3},
	pages = {32--56},
	author = {Aaron Schneider},
	title = {Decentralization: Conceptualization and measurement},
	journal = {Studies in Comparative International Development}
}

@article{Lowder_2016,
	doi = {10.1016/j.worlddev.2015.10.041},
	url = {https://doi.org/10.1016%2Fj.worlddev.2015.10.041},
	year = 2016,
	month = {nov},
	publisher = {Elsevier {BV}},
	volume = {87},
	pages = {16--29},
	author = {Sarah K. Lowder and Jakob Skoet and Terri Raney},
	title = {The Number, Size, and Distribution of Farms, Smallholder Farms, and Family Farms Worldwide},
	journal = {World Development}
}

@article{Weyrauch_2016,
	doi = {10.1186/s40669-016-0005-y},
	url = {https://doi.org/10.1186%2Fs40669-016-0005-y},
	year = 2016,
	month = {dec},
	publisher = {Springer Nature},
	volume = {2},
	number = {1},
	author = {Timo Weyrauch and Cornelius Herstatt},
	title = {What is frugal innovation? Three defining criteria},
	journal = {Journal of Frugal Innovation}
}